% Encoding: UTF-8

@Book{interessentanalyse,
  title     = {Organisation},
  publisher = {Trojka},
  year      = {2012},
  author    = {Erik Staunstrup, Hans Jørgen Skriver \& Peter Storm-Henningsen},
  edition   = {5.},
  isbn      = {9788792098443},
}

@Misc{terapeutbookingsikkerhed,
  title        = {Sikkerheden omkring Terapeut Booking},
  howpublished = {\url{https://terapeutbooking.dk/sikkerheden-omkring-terapeut-booking/}},
  note         = {Tilgået 8. April 2019.},
}

@Misc{terapeutbookingdata,
  title        = {Optimeret beskyttelse af dine vigtige data og journaler},
  howpublished = {\url{https://terapeutbooking.dk/funktioner/sikkerhed-og-beskyttelse/}},
  note         = {Tilgået 8. April 2019.},
}

@Misc{psykolognord,
  title        = {PsykologNord},
  howpublished = {\url{https://psykolognord.dk/}},
}

@Book{database,
  title     = {Database Concepts},
  publisher = {Pearson},
  year      = {2014},
  author    = {David M. Kroenke \& David J. Auer},
  editor    = {Stephanie Wall},
  isbn      = {978-0-13-354462-6},
}

@Comment{jabref-meta: databaseType:bibtex;}
